[gd_scene load_steps=37 format=3 uid="uid://0hylbnw0om4p"]

[ext_resource type="Texture2D" uid="uid://d4cb17ag1j82w" path="res://assets/sprites/basic_zombie/idle/skeleton-idle_0.png" id="1_ldnay"]
[ext_resource type="Texture2D" uid="uid://c7k2l1ba37jwr" path="res://assets/sprites/basic_zombie/idle/skeleton-idle_1.png" id="2_j2eyo"]
[ext_resource type="Texture2D" uid="uid://b7j8bvay7wbcr" path="res://assets/sprites/basic_zombie/idle/skeleton-idle_2.png" id="3_rqbla"]
[ext_resource type="Texture2D" uid="uid://dcg8d5b4h6ti7" path="res://assets/sprites/basic_zombie/idle/skeleton-idle_3.png" id="4_kc7l4"]
[ext_resource type="Texture2D" uid="uid://da84a06lkl3qu" path="res://assets/sprites/basic_zombie/idle/skeleton-idle_4.png" id="5_yijd8"]
[ext_resource type="Texture2D" uid="uid://ok521wjliyuc" path="res://assets/sprites/basic_zombie/idle/skeleton-idle_5.png" id="6_ejosn"]
[ext_resource type="Texture2D" uid="uid://dhyf7lluh8kk" path="res://assets/sprites/basic_zombie/idle/skeleton-idle_6.png" id="7_gtur5"]
[ext_resource type="Texture2D" uid="uid://cysfp5myoftvf" path="res://assets/sprites/basic_zombie/idle/skeleton-idle_7.png" id="8_uidqf"]
[ext_resource type="Texture2D" uid="uid://dmeyi6vq0mbme" path="res://assets/sprites/basic_zombie/idle/skeleton-idle_8.png" id="9_4t60k"]
[ext_resource type="Texture2D" uid="uid://cqyiuyl2kigo3" path="res://assets/sprites/basic_zombie/idle/skeleton-idle_9.png" id="10_j0mk4"]
[ext_resource type="Texture2D" uid="uid://ccy3jrl3l6t4x" path="res://assets/sprites/basic_zombie/idle/skeleton-idle_10.png" id="11_pr8ax"]
[ext_resource type="Texture2D" uid="uid://c0h04lvpy065y" path="res://assets/sprites/basic_zombie/idle/skeleton-idle_11.png" id="12_lufys"]
[ext_resource type="Texture2D" uid="uid://c0j568e8mtcf2" path="res://assets/sprites/basic_zombie/idle/skeleton-idle_12.png" id="13_dua7y"]
[ext_resource type="Texture2D" uid="uid://bigjlj52u1jc5" path="res://assets/sprites/basic_zombie/idle/skeleton-idle_13.png" id="14_0va4t"]
[ext_resource type="Texture2D" uid="uid://caqtu2k876ds4" path="res://assets/sprites/basic_zombie/idle/skeleton-idle_14.png" id="15_h14c6"]
[ext_resource type="Texture2D" uid="uid://dljy8sgmj3a1t" path="res://assets/sprites/basic_zombie/idle/skeleton-idle_15.png" id="16_lj7ea"]
[ext_resource type="Texture2D" uid="uid://c6lyoxlx35e2i" path="res://assets/sprites/basic_zombie/idle/skeleton-idle_16.png" id="17_iaur4"]
[ext_resource type="Texture2D" uid="uid://cwymls1rt3s7n" path="res://assets/sprites/basic_zombie/move/skeleton-move_0.png" id="18_ukv8y"]
[ext_resource type="Texture2D" uid="uid://bp4sphlgik4dn" path="res://assets/sprites/basic_zombie/move/skeleton-move_1.png" id="19_00t15"]
[ext_resource type="Texture2D" uid="uid://bggq6maiucdv2" path="res://assets/sprites/basic_zombie/move/skeleton-move_2.png" id="20_c0jdx"]
[ext_resource type="Texture2D" uid="uid://b6my0vca60l0f" path="res://assets/sprites/basic_zombie/move/skeleton-move_3.png" id="21_2gpo6"]
[ext_resource type="Texture2D" uid="uid://0mlvo5p3yea7" path="res://assets/sprites/basic_zombie/move/skeleton-move_4.png" id="22_pewqa"]
[ext_resource type="Texture2D" uid="uid://b80i0yyie8wnt" path="res://assets/sprites/basic_zombie/move/skeleton-move_5.png" id="23_iv88u"]
[ext_resource type="Texture2D" uid="uid://dom3kvc8abhit" path="res://assets/sprites/basic_zombie/move/skeleton-move_6.png" id="24_iar3l"]
[ext_resource type="Texture2D" uid="uid://bk210qaaoq34" path="res://assets/sprites/basic_zombie/move/skeleton-move_7.png" id="25_v2d60"]
[ext_resource type="Texture2D" uid="uid://dmaptegkpm8gq" path="res://assets/sprites/basic_zombie/move/skeleton-move_8.png" id="26_f8eii"]
[ext_resource type="Texture2D" uid="uid://ch6slof5vnne0" path="res://assets/sprites/basic_zombie/move/skeleton-move_9.png" id="27_jl817"]
[ext_resource type="Texture2D" uid="uid://cmnkfd3vqxpdk" path="res://assets/sprites/basic_zombie/move/skeleton-move_10.png" id="28_rc2nt"]
[ext_resource type="Texture2D" uid="uid://j2dfteop2ts5" path="res://assets/sprites/basic_zombie/move/skeleton-move_11.png" id="29_uedhh"]
[ext_resource type="Texture2D" uid="uid://dsug8sayyswda" path="res://assets/sprites/basic_zombie/move/skeleton-move_12.png" id="30_23yml"]
[ext_resource type="Texture2D" uid="uid://dmk3t036k11dw" path="res://assets/sprites/basic_zombie/move/skeleton-move_13.png" id="31_l8nri"]
[ext_resource type="Texture2D" uid="uid://b6klxaxdcamid" path="res://assets/sprites/basic_zombie/move/skeleton-move_14.png" id="32_ecocu"]
[ext_resource type="Texture2D" uid="uid://cq16yj7leqmvi" path="res://assets/sprites/basic_zombie/move/skeleton-move_15.png" id="33_b6103"]
[ext_resource type="Texture2D" uid="uid://b48dwwtbji1ch" path="res://assets/sprites/basic_zombie/move/skeleton-move_16.png" id="34_odqxm"]

[sub_resource type="SpriteFrames" id="SpriteFrames_t8l5i"]
animations = [{
"frames": [{
"duration": 1.0,
"texture": ExtResource("1_ldnay")
}, {
"duration": 1.0,
"texture": ExtResource("2_j2eyo")
}, {
"duration": 1.0,
"texture": ExtResource("3_rqbla")
}, {
"duration": 1.0,
"texture": ExtResource("4_kc7l4")
}, {
"duration": 1.0,
"texture": ExtResource("5_yijd8")
}, {
"duration": 1.0,
"texture": ExtResource("6_ejosn")
}, {
"duration": 1.0,
"texture": ExtResource("7_gtur5")
}, {
"duration": 1.0,
"texture": ExtResource("8_uidqf")
}, {
"duration": 1.0,
"texture": ExtResource("9_4t60k")
}, {
"duration": 1.0,
"texture": ExtResource("10_j0mk4")
}, {
"duration": 1.0,
"texture": ExtResource("11_pr8ax")
}, {
"duration": 1.0,
"texture": ExtResource("12_lufys")
}, {
"duration": 1.0,
"texture": ExtResource("13_dua7y")
}, {
"duration": 1.0,
"texture": ExtResource("14_0va4t")
}, {
"duration": 1.0,
"texture": ExtResource("15_h14c6")
}, {
"duration": 1.0,
"texture": ExtResource("16_lj7ea")
}, {
"duration": 1.0,
"texture": ExtResource("17_iaur4")
}],
"loop": true,
"name": &"idle",
"speed": 5.0
}, {
"frames": [{
"duration": 1.0,
"texture": ExtResource("18_ukv8y")
}, {
"duration": 1.0,
"texture": ExtResource("19_00t15")
}, {
"duration": 1.0,
"texture": ExtResource("20_c0jdx")
}, {
"duration": 1.0,
"texture": ExtResource("21_2gpo6")
}, {
"duration": 1.0,
"texture": ExtResource("22_pewqa")
}, {
"duration": 1.0,
"texture": ExtResource("23_iv88u")
}, {
"duration": 1.0,
"texture": ExtResource("24_iar3l")
}, {
"duration": 1.0,
"texture": ExtResource("25_v2d60")
}, {
"duration": 1.0,
"texture": ExtResource("26_f8eii")
}, {
"duration": 1.0,
"texture": ExtResource("27_jl817")
}, {
"duration": 1.0,
"texture": ExtResource("28_rc2nt")
}, {
"duration": 1.0,
"texture": ExtResource("29_uedhh")
}, {
"duration": 1.0,
"texture": ExtResource("30_23yml")
}, {
"duration": 1.0,
"texture": ExtResource("31_l8nri")
}, {
"duration": 1.0,
"texture": ExtResource("32_ecocu")
}, {
"duration": 1.0,
"texture": ExtResource("33_b6103")
}, {
"duration": 1.0,
"texture": ExtResource("34_odqxm")
}],
"loop": true,
"name": &"move",
"speed": 5.0
}]

[sub_resource type="CircleShape2D" id="CircleShape2D_1dgj0"]

[node name="basic_zombie" type="RigidBody2D"]
gravity_scale = 0.0
metadata/_edit_group_ = true

[node name="AnimatedSprite2D" type="AnimatedSprite2D" parent="."]
sprite_frames = SubResource("SpriteFrames_t8l5i")
animation = &"idle"
frame_progress = 0.984028

[node name="CollisionShape2D" type="CollisionShape2D" parent="."]
position = Vector2(4, 8)
scale = Vector2(9.83, 8.108)
shape = SubResource("CircleShape2D_1dgj0")

[node name="VisibleOnScreenNotifier2D" type="VisibleOnScreenNotifier2D" parent="."]
